<collection xmlns="http://www.loc.gov/MARC21/slim">
<record>
  <leader>02216nam0a2200373 i 450 </leader>
  <controlfield tag="001">IT\ICCU\CNCE\019023</controlfield>
  <controlfield tag="005">20071113000000.0</controlfield>
  <datafield tag="012" ind1=" " ind2=" ">
    <subfield code="a">n-oa e.io o.ro IoAl (3) 1573 (R)</subfield>
    <subfield code="2">fei</subfield>
  </datafield>
  <datafield tag="100" ind1=" " ind2=" ">
    <subfield code="a">19970101d1573        0itac0103    ba</subfield>
  </datafield>
  <datafield tag="101" ind1=" " ind2=" ">
    <subfield code="a">ITA</subfield>
  </datafield>
  <datafield tag="102" ind1=" " ind2=" ">
    <subfield code="a">IT</subfield>
  </datafield>
  <datafield tag="200" ind1="1" ind2=" ">
    <subfield code="a">Vita di santa Caterina vergine, e martire; composta da Marco Filippi, detto il Funesto, con una raccolta di sonetti, e canzoni spirituali &amp; di alcune stanze della Maddalena a Christo del medesimo autore</subfield>
  </datafield>
  <datafield tag="210" ind1=" " ind2=" ">
    <subfield code="a">In Venetia</subfield>
    <subfield code="c">appresso Domenico</subfield>
    <subfield code="d">et Gio. Battista Guerra</subfield>
    <subfield code="d">fratelli</subfield>
    <subfield code="c">ad instantia di Lorenzo Pegolo</subfield>
    <subfield code="d">1573</subfield>
  </datafield>
  <datafield tag="215" ind1=" " ind2=" ">
    <subfield code="a">\8!, 198 \i.e.200! c.</subfield>
    <subfield code="d">8ʻ</subfield>
  </datafield>
  <datafield tag="300" ind1=" " ind2=" ">
    <subfield code="a">A c. X1r altro front.: Rime spirituali, et alcune stanze della Maddalena a Christo, composte per Marco Filippi ...</subfield>
  </datafield>
  <datafield tag="620" ind1=" " ind2=" ">
    <subfield code="a">IT</subfield>
    <subfield code="d">Venezia</subfield>
  </datafield>
  <datafield tag="700" ind1=" " ind2="1">
    <subfield code="a">Filippi,</subfield>
    <subfield code="b">Marco</subfield>
    <subfield code="3">IT\ICCU\CNCA\005387</subfield>
  </datafield>
  <datafield tag="712" ind1="0" ind2="0">
    <subfield code="a">Guerra, Domenico &amp; Guerra, Giovanni Battista</subfield>
    <subfield code="3">IT\ICCU\CNCT\000155</subfield>
    <subfield code="4">650</subfield>
  </datafield>
  <datafield tag="712" ind1="0" ind2="0">
    <subfield code="a">Pegolo, Lorenzo</subfield>
    <subfield code="3">IT\ICCU\CNCT\000996</subfield>
    <subfield code="4">650</subfield>
  </datafield>
  <datafield tag="790" ind1=" " ind2="0">
    <subfield code="a">℗Il ℗Funesto</subfield>
    <subfield code="3">IT\ICCU\CNCA\005388</subfield>
    <subfield code="z">Filippi, Marco</subfield>
  </datafield>
  <datafield tag="791" ind1="0" ind2="2">
    <subfield code="a">Guerraei fratres</subfield>
    <subfield code="3">IT\ICCU\CNCT\005074</subfield>
    <subfield code="z">Guerra, Domenico &amp; Guerra, Giovanni Battista</subfield>
  </datafield>
  <datafield tag="791" ind1="0" ind2="2">
    <subfield code="a">Guerri</subfield>
    <subfield code="3">IT\ICCU\CNCT\005076</subfield>
    <subfield code="z">Guerra, Domenico &amp; Guerra, Giovanni Battista</subfield>
  </datafield>
  <datafield tag="791" ind1="0" ind2="0">
    <subfield code="a">Pegulus, Laurentius</subfield>
    <subfield code="3">IT\ICCU\CNCT\004029</subfield>
    <subfield code="z">Pegolo, Lorenzo</subfield>
  </datafield>
  <datafield tag="791" ind1="0" ind2="0">
    <subfield code="a">Pegoli, Lorenzo</subfield>
    <subfield code="3">IT\ICCU\CNCT\005337</subfield>
    <subfield code="z">Pegolo, Lorenzo</subfield>
  </datafield>
  <datafield tag="791" ind1="0" ind2="0">
    <subfield code="a">Pegolus, Laurentius</subfield>
    <subfield code="3">IT\ICCU\CNCT\005338</subfield>
    <subfield code="z">Pegolo, Lorenzo</subfield>
  </datafield>
  <datafield tag="801" ind1=" " ind2="3">
    <subfield code="a">IT</subfield>
    <subfield code="b">ICCU</subfield>
    <subfield code="c">20201114</subfield>
  </datafield>
  <datafield tag="899" ind1=" " ind2=" ">
    <subfield code="a">Biblioteca provinciale dei frati minori cappuccini Madonna di Pompei. Messina</subfield>
    <subfield code="1">ME0179</subfield>
    <subfield code="2">MES FC</subfield>
  </datafield>
  <datafield tag="899" ind1=" " ind2=" ">
    <subfield code="a">Biblioteca comunale Passerini Landi. Piacenza</subfield>
    <subfield code="1">PC0030</subfield>
    <subfield code="2">PIA PL</subfield>
  </datafield>
  <datafield tag="899" ind1=" " ind2=" ">
    <subfield code="a">Biblioteca della collegiata S. Pietro Apostolo. Broni</subfield>
    <subfield code="1">PV0012</subfield>
    <subfield code="2">ZPV 05</subfield>
  </datafield>
  <datafield tag="899" ind1=" " ind2=" ">
    <subfield code="a">Biblioteca comunale. Treviso</subfield>
    <subfield code="1">TV0114</subfield>
    <subfield code="2">VIA CT</subfield>
  </datafield>
  <datafield tag="899" ind1=" " ind2=" ">
    <subfield code="a">Biblioteca P. Bertolla del Seminario arcivescovile. Udine</subfield>
    <subfield code="1">UD0123</subfield>
    <subfield code="2">ZUD 06</subfield>
  </datafield>
  <datafield tag="899" ind1=" " ind2=" ">
    <subfield code="a">Biblioteca Querini Stampalia. Venezia</subfield>
    <subfield code="z">MUTILO</subfield>
    <subfield code="1">VE0047</subfield>
    <subfield code="2">VEA QS</subfield>
  </datafield>
  <datafield tag="911" ind1=" " ind2=" ">
    <subfield code="a">sul front.</subfield>
    <subfield code="9">IT\ICCU\CNCM\001033</subfield>
  </datafield>
  <datafield tag="921" ind1=" " ind2=" ">
    <subfield code="a">IT\ICCU\CNCM\001033</subfield>
    <subfield code="b">Aquila vola verso il sole e perde le penne. In cornice figurata</subfield>
    <subfield code="e">Renovata iuventus</subfield>
    <subfield code="c">U107</subfield>
    <subfield code="d">Dimensioni: 4 x 4,5</subfield>
    <subfield code="f">RENOVATAIU</subfield>
    <subfield code="f">AQUILA</subfield>
    <subfield code="f">SOLE</subfield>
    <subfield code="g">1567-1590</subfield>
  </datafield>
</record>
</collection>
